@misc{Bache_Lichman_2013,
author = {K. Bache and M. Lichman},
year = {2013},
title = {{UCI} Machine Learning Repository},
url = {http://archive.ics.uci.edu/ml/machine-learning-databases/breast-cancer-wisconsin/},
institution = {University of California, Irvine, School of Information and Computer Sciences} 
}

@Book{Appolinario2012,
  Title                    = {Metodologia da Ci\^{e}ncia\: Filosofia e Pr√°tica de Pesquisa},
  Author                   = {Fabio Appolinario},
  Editor                   = {Equipe de editora\c{c}\~{a}o},
  Publisher                = {Cengage Learning},
  Year                     = {2012}
}

@Manual{R,
  title = {R: A Language and Environment for Statistical Computing},
  author = {{R Core Team}},
  organization = {R Foundation for Statistical Computing},
  address = {Vienna, Austria},
  year = {2013},
  url = {http://www.R-project.org/}
}

@misc{Street93nuclearfeature,
    author = {Nick Street and William H. Wolberg and O. L. Mangasarian},
    title = {Nuclear Feature Extraction For Breast Tumor Diagnosis},
    year = {1993}
}

@book{COSTACESAR2009,
 author = {da Fontoura Costa, Luciano and Cesar Jr., Roberto Marcondes},
 title = {Shape Classification and Analysis: Theory and Practice},
 year = {2009},
 isbn = {0849379296, 9780849379291},
 edition = {2nd},
 publisher = {CRC Press, Inc.},
 address = {Boca Raton, FL, USA}
} 


@book{Martinez2004,
  title = {{Exploratory Data Analysis with MATLAB (Computer Science and Data	Analysis)}},
  publisher = {Chapman \& Hall/CRC},
  year = {2004},
  author = {Martinez, Wendy L.},
  month = nov,
  day = {29},
  howpublished = {Hardcover},
  isbn = {1584883669}
}

@book{Jolliffe2002,
    author = {Jolliffe, I. T.},
    edition = {Second},
    howpublished = {Hardcover},
    keywords = {2002, books, mva, statistics},
    month = oct,
    publisher = {Springer},
    title = {{Principal Component Analysis}},
    year = {2002}
}


@INPROCEEDINGS{Kononenko94,
    author = {Igor Kononenko},
    title = {Estimating Attributes: Analysis and Extensions of RELIEF},
    booktitle = {},
    year = {1994},
    pages = {171--182},
    publisher = {Springer Verlag}
}

@inproceedings{Kira1992,
 author = {Kira, Kenji and Rendell, Larry A.},
 title = {The Feature Selection Problem: Traditional Methods and a New Algorithm},
 booktitle = {Proceedings of the Tenth National Conference on Artificial Intelligence},
 series = {AAAI'92},
 year = {1992},
 location = {San Jose, California},
 pages = {129--134},
 numpages = {6},
 url = {http://dl.acm.org/citation.cfm?id=1867135.1867155},
 publisher = {AAAI Press}
} 

